<?xml version="1.0" encoding="UTF-8"?><collection xmlns="http://www.loc.gov/MARC21/slim"><record><leader>00362nam--2200133-i-4500</leader><controlfield tag="001">000024975</controlfield><controlfield tag="002">20161230</controlfield><controlfield tag="005">20161230201035</controlfield><controlfield tag="008">060222s1000------------r-----000-0-eng-d</controlfield><datafield ind1=" " ind2=" " tag="080"><subfield code="a">535.375.5:543.424</subfield></datafield><datafield ind1=" " ind2=" " tag="245"><subfield code="a">Chemichal applications of nonlinear ramar spectroscopy</subfield></datafield><datafield ind1=" " ind2=" " tag="260"><subfield code="a">New York,Academic Press.1981.Vii+383p</subfield></datafield><datafield ind1=" " ind2=" " tag="700"><subfield code="a">Albert B.Harvey</subfield></datafield><datafield ind1=" " ind2=" " tag="852"><subfield code="a">70119</subfield></datafield></record></collection>